% Encoding: UTF-8

@Misc{apuntes,
  author = {CÃ©sar Garcia Osorio},
  title  = {Apuntes Procesadores de lenguajes},
}

@PhdThesis{PLQUIZ,
  author = {Roberto Izquierdo Amo},
  title  = {PLQuiz},
  school = {Universidad de Burgos},
  year   = {Julio 2014},
}

@Misc{SEFALAS,
  author = {Jodar-Reyes, JF and Revelles-Moreno, J},
  title  = {SEFALAS: Software para la Ense{\~n}anza de las Fases de An{\'a}lisis L{\'e}xico y An{\'a}lisis Sint{\'a}ctico},
  year   = {2008},
}

@Article{BURGRAM,
  author = {Raedo, Jes{\'u}s Maudes and Diez, Juan Jos{\'e} Rodr{\'\i}guez},
  title  = {BURGRAM: Una herramienta interactiva para el estudio de los algoritmos de an{\'a}lisis sint{\'a}ctico ascendente y descendente},
}

@Comment{jabref-meta: databaseType:bibtex;}
