% Encoding: UTF-8

@Article{apache,
  author = {License, Apache},
  title  = {Version 2.0},
  year   = {2004},
  volume = {\url{http://www. apache. org/licenses/}},
  url    = {\url{http://www. apache. org/licenses/}},
}

@Article{requisitos,
  title   = {Requisitos de Java.},
  journal = {\url{https://www.java.com/es/download/help/sysreq.xml}},
  url     = {\url{https://www.java.com/es/download/help/sysreq.xml}},
}

@Electronic{DIA,
  author = {Steffen Macke},
  month  = {jun},
  year   = {1991},
  title  = {Dia Diagram Editor},
  note   = {Dia es un software gratuito disponible bajo los t√©rminos de la GPLv2.},
  url    = {http://dia-installer.de/index.html.es},
}

@Misc{objectaid,
  author       = {ObjectAid, UML},
  title        = {Explorer for Eclipse},
  howpublished = {\url{http://www.objectaid.com/}},
  year         = {2014},
  url          = {\url{http://www.objectaid.com/}},
}

@Comment{jabref-meta: databaseType:bibtex;}
